@article      {Goldfarb.1981,
 author     = {Goldfarb, D. and Idnani, A.},
 title      = {A numerically stable dual method for solving strictly convex quadratic programs},
 journal    = {Mathematical Programming},
 volume     = {27},
 pages      = {1 -- 33},
 year       = 1981}
